@article{feldman1979make,
  title={Make--A program for maintaining computer programs},
  author={Feldman, Stuart I},
  journal={Software: Practice and experience},
  volume={9},
  number={4},
  pages={255--265},
  year={1979},
  publisher={Wiley Online Library}
}
